@misc{guide-hpe,
	title="A 2019 guide to Human Pose Estimation with Depp Learning [Электронный ресурс]",
	howpublished="Режим доступа: \url{https://nanonets.com/blog/human-pose-estimation-2d-guide/} (дата обращения: 05.11.2022)"
}

@inbook{vyugin,
	author="В.В.Вьюигин",
	title="Математические основы теории машинного обучения и прогнозирования",
	publisher="-- М.:",
	language="russian",
	year="2013. -- 387 c.",
}


@misc{polygraphic,
	title= "Human Pose Estimation with Deep Learning - Part 1 [Электронный ресурс]",
	howpublished="Режим доступа: \url{https://nanonets.com/blog/human-pose-estimation-2d-guide/https://neuralet.com/article/human-pose-estimation-with-deep-learning-part-i/?id=3} (дата обращения: 05.11.2022)"
}


@misc{FPE,
	title="Articulated pose estimation with flexible mixtures-of-parts
	 [Электронный ресурс]",
	howpublished="Режим доступа: \url{https://www.researchgate.net/publication/224254989_Articulated_pose_estimation_with_flexible_mixtures-of-parts
	} (дата обращения: 05.11.2022)"
}

@article{CNN,
	language="russian",
	author="Сикороский О.С.",
	title="Обзор сверточных нейронных сетей для задачи классификации изображений",
	journal="Новые информационные технологии в автоматизированных системах",
	year=2017,
	pages="421--432"
}


@inproceedings{wei2016cpm,
	author = {Shih-En Wei and Varun Ramakrishna and Takeo Kanade and Yaser Sheikh},
	booktitle = {CVPR},
	title = {Convolutional pose machines},
	year = {2016}
}


@misc{IoU,
	title="Object Detection Evaluation Metrics
	[Электронный ресурс]",
	howpublished="Режим доступа: \url{https://analyticsindiamag.com/5-object-detection_evaluation-metrics-that-data-scientists-should-know/
	} (дата обращения: 05.11.2022)"
}



@misc{PDJ,
	title="Pose Estimation.Metrics.
	[Электронный ресурс]",
	howpublished="Режим доступа: \url{https://stasiuk.medium.com/pose-estimation-metrics-844c07ba0a78
	} (дата обращения: 05.11.2022)"
}

@misc{COCO,
	title="Keypoint Evaluation
	[Электронный ресурс]",
	howpublished="Режим доступа: \url{https://cocodataset.org/#keypoints-eval
	} (дата обращения: 05.11.2022)"
}

https://github.com/quanhua92/human-pose-estimation-opencv

@misc{OpenCV-HPE,
	title="HPE OpenCV Github
	[Электронный ресурс]",
	howpublished="Режим доступа: \url{https://github.com/quanhua92/human-pose-estimation-opencv
	} (дата обращения: 05.11.2022)"
}

@inproceedings{osokin2018lightweight_openpose,
	author={Osokin, Daniil},
	title={Real-time 2D Multi-Person Pose Estimation on CPU: Lightweight OpenPose},
	booktitle = {arXiv preprint arXiv:1811.12004},
	year = {2018}
}

@inproceedings{jin2020whole,
	title={Whole-Body Human Pose Estimation in the Wild},
	author={Jin, Sheng and Xu, Lumin and Xu, Jin and Wang, Can and Liu, Wentao and Qian, Chen and Ouyang, Wanli and Luo, Ping},
	booktitle={Proceedings of the European Conference on Computer Vision (ECCV)},    
	year={2020}
}

@misc{BlazePoese,
	title="Pose Detection by Extending BlazeFace
	[Электронный ресурс]",
	howpublished="Режим доступа: \url{https://ai.googleblog.com/2020/08/on-device-real-time-body-pose-tracking.html
	} (дата обращения: 05.11.2022)"
}

@misc{cnn-facial-landmark,
	title="cnn-facial-landmark
	[Электронный ресурс]",
	howpublished="Режим доступа: \url{https://github.com/yinguobing/cnn-facial-landmarkl
	} (дата обращения: 05.11.2022)"
}

@misc{Facial-Keypoint-Detection-Udacity-PPB,
	title="Facial-Keypoint-Detection-Udacity-PPB
	[Электронный ресурс]",
	howpublished="Режим доступа: \url{https://github.com/ParthaPratimBanik/Facial-Keypoint-Detection-Udacity-PPB
	} (дата обращения: 05.11.2022)"
}



@misc{mediapipe,
	title="mediapipe
	[Электронный ресурс]",
	howpublished="Режим доступа: \url{https://github.com/google/mediapipe
	} (дата обращения: 05.11.2022)"
}

@misc{hierarchiacal,
	title="CNN for 3D Hand Pose Estimatio
	[Электронный ресурс]",
	howpublished="Режим доступа: \url{https://www.hindawi.com/journals/mpe/2020/8432840/
	} (дата обращения: 05.11.2022)"
}